<?xml version="1.0" encoding="UTF-8"?><collection xmlns="http://www.loc.gov/MARC21/slim"><record><leader>00533nam--2200133-i-4500</leader><controlfield tag="001">000020469</controlfield><controlfield tag="002">20161230</controlfield><controlfield tag="005">20161230201033</controlfield><controlfield tag="008">060222s1000------------r-----000-0-eng-d</controlfield><datafield ind1=" " ind2=" " tag="080"><subfield code="a">537.86:537.112.37(0430</subfield></datafield><datafield ind1=" " ind2=" " tag="100"><subfield code="a">Delbos, Gerard</subfield></datafield><datafield ind1=" " ind2=" " tag="245"><subfield code="a">Contributin au perfectionnement des tehniques de mesures des permittivites complexes aux hyperfrequences.application a l`etude de la dispersion et de l`absorbtion aqueuses d`amino-acides en fonction de la temperature. these</subfield></datafield><datafield ind1=" " ind2=" " tag="260"><subfield code="a">Bordeaux, Universite, 1971.   205 P</subfield></datafield><datafield ind1=" " ind2=" " tag="852"><subfield code="a">78122</subfield></datafield></record></collection>